<?xml version="1.0" encoding="UTF-8"?><collection><record><leader>06309ntm a2200613 a 4500</leader><controlfield tag="001">006814099</controlfield><controlfield tag="003">MiAaHDL</controlfield><controlfield tag="005">20190719000000.0</controlfield><controlfield tag="006">m        d        </controlfield><controlfield tag="007">cr bn ---auaua</controlfield><controlfield tag="008">090608s17uu    ii            00| ||per d</controlfield><datafield tag="035" ind1=" " ind2=" "><subfield code="a">(MiU)006814099</subfield></datafield><datafield tag="035" ind1=" " ind2=" "><subfield code="a">sdr-miu006814099</subfield></datafield><datafield tag="040" ind1=" " ind2=" "><subfield code="a">MiU</subfield><subfield code="c">MiU</subfield><subfield code="e">amremm</subfield></datafield><datafield tag="041" ind1="0" ind2=" "><subfield code="a">per</subfield><subfield code="h">ara</subfield></datafield><datafield tag="043" ind1=" " ind2=" "><subfield code="a">n-us-mi</subfield><subfield code="a">ff-----</subfield><subfield code="a">aw-----</subfield><subfield code="a">e-sp---</subfield></datafield><datafield tag="100" ind1="1" ind2=" "><subfield code="6">880-01</subfield><subfield code="a">Qazwīnī, Zakarīyā ibn Muḥammad,</subfield><subfield code="d">1208 or 9-1283 or 4.</subfield></datafield><datafield tag="240" ind1="1" ind2="0"><subfield code="6">880-02</subfield><subfield code="a">ʻAjāʼib al-makhlūqāt.</subfield><subfield code="l">Persian</subfield></datafield><datafield tag="245" ind1="1" ind2="0"><subfield code="6">880-03</subfield><subfield code="a">[ʻAjāʼib al-makhlūqāt wa-gharāʼib al-mawjūdāt,</subfield><subfield code="f">18th century?].</subfield></datafield><datafield tag="260" ind1=" " ind2=" "><subfield code="a">[India?,</subfield><subfield code="c">17--?].</subfield></datafield><datafield tag="300" ind1=" " ind2=" "><subfield code="a">97 leaves :</subfield><subfield code="b">paper ;</subfield><subfield code="c">290 x 175 (218 x 103) mm.</subfield></datafield><datafield tag="500" ind1=" " ind2=" "><subfield code="a">Shelfmark: Ann Arbor, University of Michigan, Special Collections Library, Isl. Ms. 822</subfield></datafield><datafield tag="500" ind1=" " ind2=" "><subfield code="a">Origin: Lacks dated colophon ; likely of Northern Indian production, perhaps 18th century.</subfield></datafield><datafield tag="500" ind1=" " ind2=" "><subfield code="a">Binding: Unbound gatherings once sewn in yellow thread, two stations (now mostly gone) ; scrap from a Turkish newspaper apparently once wrapped around spine ; in somewhat poor condition with tears and staining, lifting and losses of paper, etc. ; housed in wrapper and envelope for protection.</subfield></datafield><datafield tag="500" ind1=" " ind2=" "><subfield code="a">Support: non-European (likely Persian or Indian) laid paper with roughly 8 laid lines per cm. (vertical or horizontal, varies, curving and sagging) and no obvious chain lines visible ; quite thin, crisp and transluscent though sturdy, dark cream in color, well-burnished ; losses, tears, staining, etc.</subfield></datafield><datafield tag="500" ind1=" " ind2=" "><subfield code="a">Decoration: Illuminated headpiece (ʻunwān / sarlawḥ) at opening on p.2 consisting of rectangular band of swirling vegetal decoration with floral motifs in lavender, red and green on a gold ground, surmounted by rectangular piece with cartouches carrying the basmalah, etc. ("بسم الله الرحمن الرحيم رب يسر وتمم بالخير"), all surmounted by scalloped w-shaped piece filled with floral vegetal decorations in white, green, red, pink, etc. on grounds of dark blue and gold ; written area of incipit and facing page set off by interlinear gold bands (reminiscent of cloud-bands) and surrounded by frame in gold, red, blue and black rules ; elsewhere triple rule-border in red and blue with outermost blue rule defining margins ; keywords and headings rubricated, others overlined in red ; roughly 16 diagrams (see pp.18, 20-22, 134-135, 137-138, 142, 158-161) mainly executed in black and red or yellow ink ; roughly 25 illustrations or miniatures, none full-page (see pp.21-22, 46-48, 50-51, 58, 125-130, 164-168, 178) ; in p.78 lacuna left for illustration never supplied.</subfield></datafield><datafield tag="500" ind1=" " ind2=" "><subfield code="a">Script: Nastaʻlīq ; careful Indian hand in a medium to bold line ; serifless, with marked effect of words descending to baseline, some elongation and contrasting thickness of horizontal strokes.</subfield></datafield><datafield tag="500" ind1=" " ind2=" "><subfield code="a">Layout: Written mainly in 21 lines per page ; frame-ruled.</subfield></datafield><datafield tag="500" ind1=" " ind2=" "><subfield code="a">Collation: IV+1 (9), IV-2 (15), IV (23), V (33), III (39), IV-1 (46), 4 IV(78), IV+1 (87), V (97) ; catchwords present ; pagination in pencil, Western numerals, supplied during digitization.</subfield></datafield><datafield tag="500" ind1=" " ind2=" "><subfield code="a">Incipit: "العظمة لك والكبرياى جلالك اللهم يا قايم الذات ومفيض الخيرات واجب الوجود وواهب العقول ... اما بعد هميگويد اصغر العباد زكريا محمد بن محمود الكموي القزوينى ... که چون بحکم الهی مفارقت اهل و وطن اتفاق افتاد ..."</subfield></datafield><datafield tag="500" ind1=" " ind2=" "><subfield code="a">Title supplied by cataloguer.</subfield></datafield><datafield tag="500" ind1=" " ind2=" "><subfield code="a">Ms. codex.</subfield></datafield><datafield tag="510" ind1="4" ind2=" "><subfield code="a">Islamic art from Michigan collections. Carol G. Fisher and Alan Fisher, Eds. (East Lansing, MI, 1982),</subfield><subfield code="c">no.59, pp.102-3</subfield></datafield><datafield tag="510" ind1="4" ind2=" "><subfield code="a">University of Michigan Library. Manuscripts &amp; papyri : an exhibition arranged for the XXVII International Congress of Orientalists, Ann Arbor, Michigan, August 13-19, 1967. (Ann Arbor, MI [?], 1967),</subfield><subfield code="c">no.48, p.13</subfield></datafield><datafield tag="510" ind1="4" ind2=" "><subfield code="a">Rührdanz, Karin, "Illustrated Persian ʻAjāʼib al-makhlūqāt manuscripts and their function in early modern times," In Society and culture in the early modern Middle East: studies on Iran in the Safavid period. Ed. Andrew J.Newman (Leiden, 2003):</subfield><subfield code="c">33-47.</subfield></datafield><datafield tag="510" ind1="4" ind2=" "><subfield code="a">Moor, Bilha and E. A. Rezvan, "Al-Qazwīnī's ʻAjāʼib al-makhlūqāt wa gharāʼib al-mawjūdāt: Manuscrit D 370,"</subfield><subfield code="c">Manuscripta Orientalia, 8, no. iv (2002), pp. 38-68</subfield></datafield><datafield tag="510" ind1="4" ind2=" "><subfield code="a">Badiee, J. A., An Islamic cosmography: the illustrations of the Sarre al-Qazwīnī.</subfield><subfield code="c">PhD dissertation, University of Michigan, 1978.</subfield></datafield><datafield tag="510" ind1="4" ind2=" "><subfield code="a">Storey,</subfield><subfield code="c">II / 1, 125-126</subfield></datafield><datafield tag="510" ind1="4" ind2=" "><subfield code="a">Brockelmann, C. GAL,</subfield><subfield code="c">I 481 ; S I 882</subfield></datafield><datafield tag="520" ind1="8" ind2=" "><subfield code="a">Fine though incomplete copy of a Persian rendering of al-Qazwīnī's (d.1283) famous cosmography ʻAjāʼib al-makhlūqāt wa-gharāʼib al-mawjūdāt, illustrated with roughly 25 miniatures and 16 diagrams.</subfield></datafield><datafield tag="538" ind1=" " ind2=" "><subfield code="a">Mode of access: Internet.</subfield></datafield><datafield tag="541" ind1=" " ind2=" "><subfield code="a">Acquired in 1933-1934 by University of Michigan professor L. C. Karpinski with funds provided by the McGregor Fund of Detroit.</subfield></datafield><datafield tag="546" ind1=" " ind2=" "><subfield code="a">Persian.</subfield></datafield><datafield tag="561" ind1=" " ind2=" "><subfield code="a">Two oval seal impressions (only partially legible) on 'title page' (p.1), one apparently in name of a Muḥammad Ṣādiq (محمد صادق) ; a few notabilia and marginal corrections, some appearing to pertain to the rubrics (see pp.165, 166, etc.) ; text to be entered in red ink provided in margins (cut off in several places but occasionally visible).</subfield></datafield><datafield tag="650" ind1=" " ind2="0"><subfield code="a">Manuscripts, Persian</subfield><subfield code="z">Michigan</subfield><subfield code="z">Ann Arbor.</subfield></datafield><datafield tag="650" ind1=" " ind2="0"><subfield code="a">Science</subfield><subfield code="z">Islamic Empire</subfield><subfield code="x">History</subfield><subfield code="v">Sources.</subfield></datafield><datafield tag="650" ind1=" " ind2="0"><subfield code="a">Geography, Arab</subfield><subfield code="v">Early works to 1800.</subfield></datafield><datafield tag="650" ind1=" " ind2="0"><subfield code="a">Cosmography</subfield><subfield code="v">Early works to 1800.</subfield></datafield><datafield tag="655" ind1=" " ind2="7"><subfield code="a">Headpieces (layout features)</subfield><subfield code="y">18th century.</subfield><subfield code="2">aat</subfield></datafield><datafield tag="700" ind1="1" ind2=" "><subfield code="a">Meyerhof, Max,</subfield><subfield code="d">1874-1945,</subfield><subfield code="e">former owner.</subfield></datafield><datafield tag="773" ind1="0" ind2=" "><subfield code="a">Tracy W. McGregor Collection of Arabic, Persian, and Turkish Mathematical and Astronomical Manuscripts.</subfield></datafield><datafield tag="880" ind1="1" ind2="0"><subfield code="6">245-03/</subfield><subfield code="a">[عجائب المخلوقات وغرائب الموجودات,</subfield><subfield code="f">قرن 18م؟].</subfield></datafield><datafield tag="880" ind1="1" ind2="0"><subfield code="6">240-02/</subfield><subfield code="a">عجائب المخلوقات.</subfield><subfield code="l">Persian.</subfield></datafield><datafield tag="880" ind1="1" ind2=" "><subfield code="6">100-01/</subfield><subfield code="a">قزويني، زكريا بن محمد.</subfield></datafield><datafield tag="CID" ind1=" " ind2=" "><subfield code="a">006814099</subfield></datafield><datafield tag="DAT" ind1="0" ind2=" "><subfield code="a">20190719102638.0</subfield><subfield code="b">20190719000000.0</subfield></datafield><datafield tag="DAT" ind1="1" ind2=" "><subfield code="a">20190719090653.0</subfield><subfield code="b">2019-07-19T16:11:54Z</subfield></datafield><datafield tag="DAT" ind1="2" ind2=" "><subfield code="a">2015-10-02T18:00:03Z</subfield></datafield><datafield tag="CAT" ind1=" " ind2=" "><subfield code="a">SDR-MIU</subfield><subfield code="d">EX LIBRIS - ALEPH</subfield><subfield code="l">prepare.pl-004-008</subfield></datafield><datafield tag="FMT" ind1=" " ind2=" "><subfield code="a">BK</subfield></datafield><datafield tag="HOL" ind1=" " ind2=" "><subfield code="0">sdr-miu006814099</subfield><subfield code="a">MiU</subfield><subfield code="b">SDR</subfield><subfield code="c">MIU</subfield><subfield code="p">mdp.39015079128693</subfield><subfield code="s">MIU</subfield><subfield code="1">006814099</subfield></datafield><datafield tag="974" ind1=" " ind2=" "><subfield code="b">MIU</subfield><subfield code="c">MIU</subfield><subfield code="d">20190719</subfield><subfield code="s">lit-dlps-dc</subfield><subfield code="u">mdp.39015079128693</subfield><subfield code="y">1799</subfield><subfield code="r">pd</subfield><subfield code="q">bib</subfield><subfield code="t">non-US bib date1 &lt; 1896</subfield></datafield></record></collection>